<?xml version="1.0" encoding="UTF-8"?><record xmlns="http://www.loc.gov/MARC21/slim" xmlns:cinclude="http://apache.org/cocoon/include/1.0" xmlns:zs="http://www.loc.gov/zing/srw/">
  <leader>00550cz  a2200157n  4500</leader>
  <controlfield tag="001">n  82066900 </controlfield>
  <controlfield tag="003">DLC</controlfield>
  <controlfield tag="005">19920515112120.4</controlfield>
  <controlfield tag="008">820628n| acannaab|          |a ana |||  </controlfield>
  <datafield tag="010" ind1=" " ind2=" ">
    <subfield code="a">n  82066900 </subfield>
  </datafield>
  <datafield tag="040" ind1=" " ind2=" ">
    <subfield code="a">DLC</subfield>
    <subfield code="c">DLC</subfield>
    <subfield code="d">DLC</subfield>
  </datafield>
  <datafield tag="110" ind1="1" ind2="0">
    <subfield code="a">Sankt Pölten (Austria).</subfield>
    <subfield code="b">Kulturamt</subfield>
  </datafield>
  <datafield tag="410" ind1="1" ind2="0">
    <subfield code="w">nnaa</subfield>
    <subfield code="a">St. Pölten, Austria.</subfield>
    <subfield code="b">Kulturamt</subfield>
  </datafield>
  <datafield tag="510" ind1="1" ind2="0">
    <subfield code="w">b</subfield>
    <subfield code="a">Sankt Pölten (Austria).</subfield>
    <subfield code="b">Kulturverwaltung</subfield>
  </datafield>
  <datafield tag="670" ind1=" " ind2=" ">
    <subfield code="a">Gutkas, K. Theodor von Hörmann, 1966.</subfield>
  </datafield>
  <datafield tag="675" ind1=" " ind2=" ">
    <subfield code="a">Niederösterreichische Literatur seit 1900, 1981: t.p. (Kulturverwaltung der Stadt St. Pölten)</subfield>
  </datafield>
</record>